@misc{wanner2003introduccao,
  title={Introdu{\c{c}}ao ao LATEX2$\varepsilon$},
  author={Wanner, Lucas and Rueda, Rafael},
  year={2003},
  publisher={UFSC}
}
@book{wickham2016r,
  title={R for data science: import, tidy, transform, visualize, and model data},
  author={Wickham, Hadley and Grolemund, Garrett},
  year={2016},
  publisher={" O'Reilly Media, Inc."}
}
@article{bragancca2016introduccao,
  title={INTRODU{\c{C}}{\~A}O DO SOFTWARE GEOGEBRA 3D NO ENSINO M{\'E}DIO: UMA PROPOSTA COLABORATIVA DO PIBID},
  author={Bragan{\c{c}}a, Gleidson and dos Santos, Gabrielle Nunes and Carpes, Patr{\'\i}cia Pujol Goulart},
  journal={Anais do Sal{\~a}o Internacional de Ensino, Pesquisa e Extens{\~a}o},
  volume={8},
  number={3},
  year={2016}
}